@ARTICLE{9831021,
  author={Cruz, Mauro A. A. da and Abbade, Lucas R. and Lorenz, Pascal and Mafra, Samuel B. and Rodrigues, Joel J. P. C.},
  journal={IEEE Transactions on Intelligent Transportation Systems}, 
  title={Detecting Compromised IoT Devices Through XGBoost}, 
  year={2023},
  volume={24},
  number={12},
  pages={15392-15399},
  keywords={Internet of Things;Security;Protocols;Servers;Routing;Authorization;Authentication;Machine learning;Internet of Things;IoT;XGBoost;machine learning;security;replication attack;IoT-23},
  doi={10.1109/TITS.2022.3187252}}
@ARTICLE{IOT23,
  author={Sebastian Garcia, Agustin Parmisanoand Maria Jose Erquiaga},
  journal={IoT-23: A labeled dataset with malicious and benign IoT network traffic},  
  year={2020},
  doi={10.5281/zenodo.4743746}}

@article{basepaper2,
  author    = {Nazli Tekin and Abbas Acara and Ahmet Aris and A. Selcuk Uluagac and Vehbi Cagri Gungor},
  title     = {Energy consumption of on-device machine learning models for IoT intrusion detection},
  journal   = {Cyber-Physical Systems Security Lab, Department of Electrical and Computer Engineering, Florida International University},
  year      = {2025},
  address   = {Miami, FL 33174, USA},
  note      = {Department of Software Engineering, Erciyes University, 38280, Kayseri, Turkey, Department of Computer Engineering, Abdullah Gul University, 38080 Kayseri, Turkey}
}
